@techreport{francillonrelay,
  title={{Relay Attacks on Passive Keyless Entry and Start Systems in Modern Cars}},
    author={Francillon, A. and Danev, B. and Capkun, S.},
      institution={Cryptology ePrint Archive, Report 2010/332}
      year={2010}
      }

@article{alrabady2005analysis,
  title={{Analysis of attacks against the security of keyless-entry systems for vehicles and suggestions for improved designs}},
    author={Alrabady, A.I. and Mahmud, S.M.},
      journal={Vehicular Technology, IEEE Transactions on},
        volume={54},
          number={1},
            pages={41--50},
              issn={0018-9545},
                year={2005},
                  publisher={IEEE}
                  }


@CONFERENCE{ammann2002scalable,
  author = {Ammann, P. and Wijesekera, D. and Kaushik, S.},
  title = {{Scalable, graph-based network vulnerability analysis}},
  booktitle = {Proceedings of the 9th ACM Conference on Computer and Communications
	Security},
  year = {2002},
  pages = {217--224},
  organization = {ACM},
  isbn = {1581136129}
}

@CONFERENCE{clark2005security,
  author = {Clark, K. and Dawkins, J. and Hale, J.},
  title = {{Security risk metrics: Fusing enterprise objectives and vulnerabilities}},
  booktitle = {Information Assurance Workshop, 2005. IAW'05. Proceedings from the
	Sixth Annual IEEE SMC},
  year = {2005},
  pages = {388--393},
  organization = {IEEE},
  isbn = {0780392906}
}

@CONFERENCE{clark2008strata,
  author = {Clark, K. and Singleton, E. and Tyree, S. and Hale, J.},
  title = {{Strata-Gem: risk assessment through mission modeling}},
  booktitle = {Proceedings of the 4th ACM workshop on Quality of protection},
  year = {2008},
  pages = {51--58},
  organization = {ACM}
}

@CONFERENCE{ingols2009modeling,
  author = {Ingols, K. and Chu, M. and Lippmann, R. and Webster, S. and Boyer,
	S.},
  title = {{Modeling modern network attacks and countermeasures using attack
	graphs}},
  booktitle = {2009 Annual Computer Security Applications Conference},
  year = {2009},
  pages = {117--126},
  organization = {IEEE},
  issn = {1063-9527}
}

@CONFERENCE{ingols2006practical,
  author = {Ingols, K. and Lippmann, R. and Piwowarski, K.},
  title = {{Practical attack graph generation for network defense}},
  booktitle = {Computer Security Applications Conference, 2006. ACSAC'06. 22nd Annual},
  year = {2006},
  pages = {121--130},
  organization = {IEEE},
  isbn = {0769527167},
  issn = {1063-9527}
}

@ARTICLE{jajodia2005topological,
  author = {Jajodia, S. and Noel, S. and O’Berry, B.},
  title = {{Topological analysis of network attack vulnerability}},
  journal = {Managing Cyber Threats},
  year = {2005},
  pages = {247--266},
  publisher = {Springer}
}

@BOOK{lippmann2005annotated,
  title = {{An annotated review of past papers on attack graphs}},
  publisher = {Massachusetts Institute of Technology, Lincoln Laboratory},
  year = {2005},
  author = {Lippmann, R.P. and Ingols, K.W. and MASSACHUSETTS INST OF TECH LEXINGTON
	LINCOLN LAB.}
}

@CONFERENCE{templeton2001requires,
  author = {Templeton, S.J. and Levitt, K.},
  title = {{A requires/provides model for computer attacks}},
  booktitle = {Proceedings of the 2000 workshop on New security paradigms},
  year = {2001},
  pages = {31--38},
  organization = {ACM},
  isbn = {1581132603}
}

@CONFERENCE{tidwell2001modeling,
  author = {Tidwell, T. and Larson, R. and Fitch, K. and Hale, J.},
  title = {{Modeling internet attacks}},
  booktitle = {Proceedings of the 2001 IEEE Workshop on Information Assurance and
	security},
  year = {2001},
  volume = {59},
  organization = {Citeseer}
}

@ARTICLE{wang2006minimum,
  author = {Wang, L. and Noel, S. and Jajodia, S.},
  title = {{Minimum-cost network hardening using attack graphs}},
  journal = {Computer Communications},
  year = {2006},
  volume = {29},
  pages = {3812--3824},
  number = {18},
  issn = {0140-3664},
  publisher = {Elsevier}
}

